@IEEEtranBSTCTL{IEEEexample:BSTcontrol,
    CTLuse_article_number = "yes",
    CTLuse_paper = "yes",
    CTLuse_forced_etal = "no",
    CTLmax_names_forced_etal = "50",
    CTLnames_show_etal = "50",
    CTLuse_alt_spacing = "yes",
    CTLalt_stretch_factor = "4",
    CTLdash_repeated_names = "yes",
    CTLname_format_string = "{f.~}{vv~}{ll}{, jj}",
    CTLname_latex_cmd = "",
    CTLname_url_prefix = "[Online]. Available:"
 }

# Last Ad-lib 
@article{levin2007closed,
  title={A closed-form solution to natural image matting},
  author={Levin, Anat and Lischinski, Dani and Weiss, Yair},
  journal={{IEEE Transactions on Pattern Analysis and Machine Intelligence}},
  volume={30},
  number={2},
  pages={228--242},
  year={2007}
}
@inproceedings{chen2018encoder,
  title={Encoder-decoder with atrous separable convolution for semantic image segmentation},
  author={Chen, Liang-Chieh and Zhu, Yukun and Papandreou, George and Schroff, Florian and Adam, Hartwig},
  booktitle={{Proceedings of the 2018 European conference on computer vision}},
  pages={801--818},
  year={2018}
}
@article{chen2017deeplab,
  title={Deeplab: Semantic image segmentation with deep convolutional nets, atrous convolution, and fully connected crfs},
  author={Chen, Liang-Chieh and Papandreou, George and Kokkinos, Iasonas and Murphy, Kevin and Yuille, Alan L},
  journal={{IEEE Transactions on Pattern Analysis and Machine Intelligence}},
  volume={40},
  number={4},
  pages={834--848},
  year={2017}
}
@article{he2015spatial,
  title={Spatial pyramid pooling in deep convolutional networks for visual recognition},
  author={He, Kaiming and Zhang, Xiangyu and Ren, Shaoqing and Sun, Jian},
  journal={{IEEE Transactions on Pattern Analysis and Machine Intelligence}},
  volume={37},
  number={9},
  pages={1904--1916},
  year={2015}
}
@inproceedings{lazebnik2006beyond,
  title={Beyond bags of features: Spatial pyramid matching for recognizing natural scene categories},
  author={Lazebnik, Svetlana and Schmid, Cordelia and Ponce, Jean},
  booktitle={{Proceedings of the 2006 IEEE Computer Society Conference on Computer Vision and Pattern Recognition}},
  volume={2},
  pages={2169--2178},
  year={2006}
}
@article{chen2017rethinking,
  title={Rethinking atrous convolution for semantic image segmentation},
  author={Chen, Liang-Chieh and Papandreou, George and Schroff, Florian and Adam, Hartwig},
  journal={arXiv preprint arXiv:1706.05587},
  year={2017}
}
@INPROCEEDINGS{9206883,
  author={Peng, Jizhi and Nan, Zhixiong and Xu, Linhai and Xin, Jingmin and Zheng, Nanning},
  booktitle={{Proceedings of the 2020 International Joint Conference on Neural Networks}}, 
  title={A Deep Model for Joint Object Detection and Semantic Segmentation in Traffic Scenes}, 
  year={2020},
  volume={},
  number={},
  pages={1-8},
  doi={10.1109/IJCNN48605.2020.9206883}
  }
@article{yu2015multi,
  title={Multi-scale context aggregation by dilated convolutions},
  author={Yu, Fisher and Koltun, Vladlen},
  journal={arXiv preprint arXiv:1511.07122},
  year={2015}
}
@article{paszke2016enet,
  title={Enet: A deep neural network architecture for real-time semantic segmentation},
  author={Paszke, Adam and Chaurasia, Abhishek and Kim, Sangpil and Culurciello, Eugenio},
  journal={arXiv preprint arXiv:1606.02147},
  year={2016}
}
@inproceedings{chollet2017xception,
  title={Xception: Deep learning with depthwise separable convolutions},
  author={Chollet, Fran{\c{c}}ois},
  booktitle={{Proceedings of the 2017 IEEE Conference on Computer Vision and Pattern Recognition}},
  pages={1251--1258},
  year={2017}
}
@inproceedings{hariharan2015hypercolumns,
  title={Hypercolumns for object segmentation and fine-grained localization},
  author={Hariharan, Bharath and Arbel{\'a}ez, Pablo and Girshick, Ross and Malik, Jitendra},
  booktitle={{Proceedings of the 2015 IEEE Conference on Computer Vision and Pattern Recognition}},
  pages={447--456},
  year={2015}
}
@inproceedings{papandreou2015modeling,
  title={Modeling local and global deformations in deep learning: Epitomic convolution, multiple instance learning, and sliding window detection},
  author={Papandreou, George and Kokkinos, Iasonas and Savalle, Pierre-Andr{\'e}},
  booktitle={{Proceedings of the IEEE Conference on Computer Vision and Pattern Recognition}},
  pages={390--399},
  year={2015}
}
@article{russakovsky2015imagenet,
  title={Imagenet large scale visual recognition challenge},
  author={Russakovsky, Olga and Deng, Jia and Su, Hao and Krause, Jonathan and Satheesh, Sanjeev and Ma, Sean and Huang, Zhiheng and Karpathy, Andrej and Khosla, Aditya and Bernstein, Michael and others},
  journal={{International Journal of Computer Vision}},
  volume={115},
  number={3},
  pages={211--252},
  year={2015}
}
@article{zhang2013review,
  title={A review on multi-label learning algorithms},
  author={Zhang, Min-Ling and Zhou, Zhi-Hua},
  journal={{IEEE Transactions on Knowledge and Data Engineering}},
  volume={26},
  number={8},
  pages={1819--1837},
  year={2013}
}
@inproceedings{lin2014microsoft,
  title={Microsoft coco: Common objects in context},
  author={Lin, Tsung-Yi and Maire, Michael and Belongie, Serge and Hays, James and Perona, Pietro and Ramanan, Deva and Doll{\'a}r, Piotr and Zitnick, C Lawrence},
  booktitle={{Proceedings of the 2014 European Conference on Computer Vision}},
  pages={740--755},
  year={2014}
}
@article{everingham2012pascal,
  title={The pascal visual object classes challenge 2012 (voc2012) development kit},
  author={Everingham, Mark and Winn, John},
  journal={{Pattern Analysis, Statistical Modelling and Computational Learning}},
  volume={8},
  pages={5},
  year={2011}
}
@inproceedings{qi2017deformable,
  title={Deformable convolutional networks--coco detection and segmentation challenge 2017 entry},
  author={Qi, Haozhi and Zhang, Zheng and Xiao, Bin and Hu, Han and Cheng, Bowen and Wei, Yichen and Dai, Jifeng},
  booktitle={{Proceedings of the 2017 ICCV COCO Challenge Workshop}},
  volume={15},
  pages={1},
  year={2017}
}
@inproceedings{kolesnikov2016seed,
  title={Seed, expand and constrain: Three principles for weakly-supervised image segmentation},
  author={Kolesnikov, Alexander and Lampert, Christoph H},
  booktitle={{Proceedings of the 2016 European Conference on Computer Vision}},
  pages={695--711},
  year={2016},
}
@inproceedings{huang2018weakly,
  title={Weakly-supervised semantic segmentation network with deep seeded region growing},
  author={Huang, Zilong and Wang, Xinggang and Wang, Jiasi and Liu, Wenyu and Wang, Jingdong},
  booktitle={{Proceedings of the 2018 IEEE Conference on Computer Vision and Pattern Recognition}},
  pages={7014--7023},
  year={2018}
}
@inproceedings{zhou2016learning,
  title={Learning deep features for discriminative localization},
  author={Zhou, Bolei and Khosla, Aditya and Lapedriza, Agata and Oliva, Aude and Torralba, Antonio},
  booktitle={{Proceedings of the 2016 IEEE Conference on Computer Vision and Pattern Recognition}},
  pages={2921--2929},
  year={2016}
}
@inproceedings{ahn2019weakly,
  title={Weakly supervised learning of instance segmentation with inter-pixel relations},
  author={Ahn, Jiwoon and Cho, Sunghyun and Kwak, Suha},
  booktitle={{Proceedings of the 2019 IEEE/CVF Conference on Computer Vision and Pattern Recognition}},
  pages={2209--2218},
  year={2019}
}
@inproceedings{ma2019affinitynet,
  title={Affinitynet: semi-supervised few-shot learning for disease type prediction},
  author={Ma, Tianle and Zhang, Aidong},
  booktitle={{Proceedings of the 2019 AAAI Conference on Artificial Intelligence}},
  volume={33},
  number={01},
  pages={1069--1076},
  year={2019}
}
@inproceedings{choe2019attention,
  title={Attention-based dropout layer for weakly supervised object localization},
  author={Choe, Junsuk and Shim, Hyunjung},
  booktitle={{Proceedings of the 2019 IEEE/CVF Conference on Computer Vision and Pattern Recognition}},
  pages={2219--2228},
  year={2019}
}
@inproceedings{wei2018revisiting,
  title={Revisiting dilated convolution: A simple approach for weakly-and semi-supervised semantic segmentation},
  author={Wei, Yunchao and Xiao, Huaxin and Shi, Honghui and Jie, Zequn and Feng, Jiashi and Huang, Thomas S},
  booktitle={{Proceedings of the 2018 IEEE Conference on Computer Vision and Pattern Recognition}},
  pages={7268--7277},
  year={2018}
}
@inproceedings{khoreva2017simple,
  title={Simple does it: Weakly supervised instance and semantic segmentation},
  author={Khoreva, Anna and Benenson, Rodrigo and Hosang, Jan and Hein, Matthias and Schiele, Bernt},
  booktitle={{Proceedings of the 2017 IEEE Conference on Computer Vision and Pattern Recognition}},
  pages={876--885},
  year={2017}
}
@inproceedings{song2019box,
  title={Box-driven class-wise region masking and filling rate guided loss for weakly supervised semantic segmentation},
  author={Song, Chunfeng and Huang, Yan and Ouyang, Wanli and Wang, Liang},
  booktitle={{Proceedings of the 2019 IEEE/CVF Conference on Computer Vision and Pattern Recognition}},
  pages={3136--3145},
  year={2019}
}
@article{krahenbuhl2011efficient,
  title={Efficient inference in fully connected crfs with gaussian edge potentials},
  author={Kr{\"a}henb{\"u}hl, Philipp and Koltun, Vladlen},
  journal={{Advances in Neural Information Processing Systems}},
  volume={24},
  pages={109--117},
  year={2011}
}
@article{hsu2019weakly,
  title={Weakly supervised instance segmentation using the bounding box tightness prior},
  author={Hsu, Cheng-Chun and Hsu, Kuang-Jui and Tsai, Chung-Chi and Lin, Yen-Yu and Chuang, Yung-Yu},
  journal={{Advances in Neural Information Processing Systems}},
  volume={32},
  pages={6586--6597},
  year={2019}
}
@inproceedings{wang2019boundary,
  title={Boundary perception guidance: a scribble-supervised semantic segmentation approach},
  author={Wang, Bin and Qi, Guojun and Tang, Sheng and Zhang, Tianzhu and Wei, Yunchao and Li, Linghui and Zhang, Yongdong},
  booktitle={{Proceedings of the 2019 IJCAI International Joint Conference on Artificial Intelligence}},
  year={2019}
}
@inproceedings{ji2019scribble,
  title={Scribble-based hierarchical weakly supervised learning for brain tumor segmentation},
  author={Ji, Zhanghexuan and Shen, Yan and Ma, Chunwei and Gao, Mingchen},
  booktitle={{Proceedings of the 2019 International Conference on Medical Image Computing and Computer-Assisted Intervention}},
  pages={175--183},
  year={2019}
}
@inproceedings{boykov2001interactive,
  title={Interactive graph cuts for optimal boundary \& region segmentation of objects in ND images},
  author={Boykov, Yuri Y and Jolly, M-P},
  booktitle={{Proceedings the 2001 IEEE international conference on computer vision}},
  volume={1},
  pages={105--112},
  year={2001}
}
@article{grady2006random,
  title={Random walks for image segmentation},
  author={Grady, Leo},
  journal={{IEEE Transactions on Pattern Analysis and Machine Intelligence}},
  volume={28},
  number={11},
  pages={1768--1783},
  year={2006}
}
@article{bai2009geodesic,
  title={Geodesic matting: A framework for fast interactive image and video segmentation and matting},
  author={Bai, Xue and Sapiro, Guillermo},
  journal={{International Journal of Computer Vision}},
  volume={82},
  number={2},
  pages={113--132},
  year={2009}
}
@inproceedings{tang2018regularized,
  title={On regularized losses for weakly-supervised cnn segmentation},
  author={Tang, Meng and Perazzi, Federico and Djelouah, Abdelaziz and Ben Ayed, Ismail and Schroers, Christopher and Boykov, Yuri},
  booktitle={{Proceedings of the 2018 European Conference on Computer Vision}},
  pages={507--522},
  year={2018}
}
@inproceedings{ronneberger2015u,
  title={U-net: Convolutional networks for biomedical image segmentation},
  author={Ronneberger, Olaf and Fischer, Philipp and Brox, Thomas},
  booktitle={{Proceedings of the 2015 International Conference on Medical Image Computing and Computer-Assisted Intervention}},
  pages={234--241},
  year={2015}
}
@article{mei2018automatic,
  title={Automatic fabric defect detection with a multi-scale convolutional denoising autoencoder network model},
  author={Mei, Shuang and Wang, Yudan and Wen, Guojun},
  journal={{Sensors}},
  volume={18},
  number={4},
  pages={1064},
  year={2018}
}
@inproceedings{mujeeb2018unsupervised,
  title={Unsupervised surface defect detection using deep autoencoders and data augmentation},
  author={Mujeeb, Abdul and Dai, Wenting and Erdt, Marius and Sourin, Alexei},
  booktitle={{Proceedings of the 2018 International Conference on Cyberworlds}},
  pages={391--398},
  year={2018}
}
@article{li2016deformable,
  title={Deformable patterned fabric defect detection with fisher criterion-based deep learning},
  author={Li, Yundong and Zhao, Weigang and Pan, Jiahao},
  journal={{IEEE Transactions on Automation Science and Engineering}},
  volume={14},
  number={2},
  pages={1256--1264},
  year={2016}
}
@inproceedings{wang2020self,
  title={Self-supervised equivariant attention mechanism for weakly supervised semantic segmentation},
  author={Wang, Yude and Zhang, Jie and Kan, Meina and Shan, Shiguang and Chen, Xilin},
  booktitle={{Proceedings of the 2020 IEEE/CVF Conference on Computer Vision and Pattern Recognition}},
  pages={12275--12284},
  year={2020}
}
@inproceedings{ahn2018learning,
  title={Learning pixel-level semantic affinity with image-level supervision for weakly supervised semantic segmentation},
  author={Ahn, Jiwoon and Kwak, Suha},
  booktitle={{Proceedings of the 2018 IEEE Conference on Computer Vision and Pattern Recognition}},
  pages={4981--4990},
  year={2018}
}
@inproceedings{long2015fully,
  title={Fully convolutional networks for semantic segmentation},
  author={Long, Jonathan and Shelhamer, Evan and Darrell, Trevor},
  booktitle={{Proceedings of the 2015 IEEE Conference on Computer Vision and Pattern Recognition}},
  pages={3431--3440},
  year={2015}
}
@inproceedings{wang2020self,
  title={Self-supervised equivariant attention mechanism for weakly supervised semantic segmentation},
  author={Wang, Yude and Zhang, Jie and Kan, Meina and Shan, Shiguang and Chen, Xilin},
  booktitle={{Proceedings of the 2020 IEEE/CVF Conference on Computer Vision and Pattern Recognition}},
  pages={12275--12284},
  year={2020}
}
@inproceedings{wei2018revisiting,
  title={Revisiting dilated convolution: A simple approach for weakly-and semi-supervised semantic segmentation},
  author={Wei, Yunchao and Xiao, Huaxin and Shi, Honghui and Jie, Zequn and Feng, Jiashi and Huang, Thomas S},
  booktitle={{Proceedings of the 2018 IEEE Conference on Computer Vision and Pattern Recognition}},
  pages={7268--7277},
  year={2018}
}
@inproceedings{cordts2016cityscapes,
  title={The cityscapes dataset for semantic urban scene understanding},
  author={Cordts, Marius and Omran, Mohamed and Ramos, Sebastian and Rehfeld, Timo and Enzweiler, Markus and Benenson, Rodrigo and Franke, Uwe and Roth, Stefan and Schiele, Bernt},
  booktitle={{Proceedings of the 2016 IEEE Conference on Computer Vision and Pattern Recognition}},
  pages={3213--3223},
  year={2016}
}
@article{yao2021weakly,
  title={A Weakly-Supervised Semantic Segmentation Approach Based on the Centroid Loss: Application to Quality Control and Inspection},
  author={Yao, Kai and Ortiz, Alberto and Bonnin-Pascual, Francisco},
  journal={{IEEE Access}},
  volume={9},
  pages={69010--69026},
  year={2021}
}

@inproceedings{kolesnikov2016seed,
  title={Seed, expand and constrain: Three principles for weakly-supervised image segmentation},
  author={Kolesnikov, Alexander and Lampert, Christoph H},
  booktitle={{Proceedings of the 2016 European Conference on Computer Vision}},
  pages={695--711},
  year={2016}
}

@article{kervadec2019constrained,
  title={Constrained-CNN losses for weakly supervised segmentation},
  author={Kervadec, Hoel and Dolz, Jose and Tang, Meng and Granger, Eric and Boykov, Yuri and Ayed, Ismail Ben},
  journal={{Medical Image Analysis}},
  volume={54},
  pages={88--99},
  year={2019}
}

%%% GAN ASI
@inproceedings{zhai2018generative,
  title={A generative adversarial network based framework for unsupervised visual surface inspection},
  author={Zhai, Wei and Zhu, Jiang and Cao, Yang and Wang, Zengfu},
  booktitle={{Proceedings of the 2018 IEEE International Conference on Acoustics, Speech and Signal Processing}},
  pages={1283--1287},
  year={2018}
}
@inproceedings{oktay2018attention,
  title={Attention u-net: Learning where to look for the pancreas},
  author={Oktay, Ozan and Schlemper, Jo and Folgoc, Loic Le and Lee, Matthew and Heinrich, Mattias and Misawa, Kazunari and Mori, Kensaku and McDonagh, Steven and Hammerla, Nils Y and Kainz, Bernhard and others},
  booktitle={{Proceedings of the  2018 Medical Imaging with Deep Learning}},
  year={2018}
}
@article{di2019surface,
  title={Surface defect classification of steels with a new semi-supervised learning method},
  author={Di, He and Ke, Xu and Peng, Zhou and Dongdong, Zhou},
  journal={{Optics and Lasers in Engineering}},
  volume={117},
  pages={40--48},
  year={2019}
}
@article{xie2008review,
  title={A review of recent advances in surface defect detection using texture analysis techniques},
  author={Xie, Xianghua},
  journal={{Electronic Letters on Computer Vision and Image Analysis}},
  pages={1--22},
  year={2008}
}
@inproceedings{ortiz2016visual,
  title={Visual inspection of vessels by means of a micro-aerial vehicle: an artificial neural network approach for corrosion detection},
  author={Ortiz, Alberto and Bonnin-Pascual, Francisco and Garcia-Fidalgo, Emilio and others},
  booktitle={Proceedings of the Robot 2015: Second Iberian Robotics Conference},
  pages={223--234},
  year={2016}
}
@inproceedings{ortiz2018new,
  title={New Steps towards the Integration of Robotic and Autonomous Systems in the Inspection of Vessel Holds},
  author={Ortiz, A and Yao, K and Bonnin-Pascual, F and Garcia-Fidalgo, E and Company-Corcoles, JP},
  booktitle={{Proceedings of the 2018 Spanish National Robotics Conference}},
  year={2018}
}
@article{zhang2019survey,
  title={A survey of semi-and weakly supervised semantic segmentation of images},
  author={Zhang, Man and Zhou, Yong and Zhao, Jiaqi and Man, Yiyun and Liu, Bing and Yao, Rui},
  journal={{Artificial Intelligence Review}},
  pages={1--30},
  year={2019}
}
@article{romera2017erfnet,
  title={Erfnet: Efficient residual factorized convnet for real-time semantic segmentation},
  author={Romera, Eduardo and Alvarez, Jos{\'e} M and Bergasa, Luis M and Arroyo, Roberto},
  journal={{IEEE Transactions on Intelligent Transportation Systems}},
  volume={19},
  number={1},
  pages={263--272},
  year={2017}
}
@inproceedings{he2016deep,
  title={Deep residual learning for image recognition},
  author={He, Kaiming and Zhang, Xiangyu and Ren, Shaoqing and Sun, Jian},
  booktitle={{Proceedings of the 2016 IEEE Conference on Computer Vision and Pattern Recognition}},
  pages={770--778},
  year={2016}
}
@article{zagoruyko2016wide,
  title={Wide residual networks},
  author={Zagoruyko, Sergey and Komodakis, Nikos},
  journal={arXiv preprint arXiv:1605.07146},
  year={2016}
}
@inproceedings{rastegari2016xnor,
  title={Xnor-net: Imagenet classification using binary convolutional neural networks},
  author={Rastegari, Mohammad and Ordonez, Vicente and Redmon, Joseph and Farhadi, Ali},
  booktitle={{Proceedings of the 2016 European Conference on Computer Vision}},
  pages={525--542},
  year={2016}
}
@article{yu2015multi,
  title={Multi-scale context aggregation by dilated convolutions},
  author={Yu, Fisher and Koltun, Vladlen},
  journal={arXiv preprint arXiv:1511.07122},
  year={2015}
}







@software{Gimp,
  author = {Michael Natterer, Jehan, Spencer Kimball, and Peter Mattis},
  title = {Gimp},
  url = {https://www.gimp.org/},
  version = {2.10.24},
  date = {2021-03-29},
}
